
@book{landau,
  abstract = {{The fourth edition contains seven new sections with chapters on General Relativity, Gravitational Waves and Relativistic Cosmology. The text has been thoroughly revised and additional problems inserted.<br><br><br>  The Complete course of Theoretical Physics by Landau and Lifshitz, recognized as two of the world's outstanding physicists, is published in full by Butterworth-Heinemann. It comprises nine volumes, covering all branches of the subject; translations from the Russian are by leading scientists.}},
  added-at = {2014-01-09T15:14:33.000+0100},
  author = {Landau, L. D. and Lifshitz, E. M.},
  biburl = {https://www.bibsonomy.org/bibtex/2bac43a510f0184eb68db43fe76aa9f1b/jaspervh},
  citeulike-article-id = {1284484},
  citeulike-linkout-0 = {http://www.amazon.ca/exec/obidos/redirect?tag=citeulike09-20&amp;path=ASIN/0750627689},
  citeulike-linkout-1 = {http://www.amazon.de/exec/obidos/redirect?tag=citeulike01-21&amp;path=ASIN/0750627689},
  citeulike-linkout-2 = {http://www.amazon.fr/exec/obidos/redirect?tag=citeulike06-21&amp;path=ASIN/0750627689},
  citeulike-linkout-3 = {http://www.amazon.jp/exec/obidos/ASIN/0750627689},
  citeulike-linkout-4 = {http://www.amazon.co.uk/exec/obidos/ASIN/0750627689/citeulike00-21},
  citeulike-linkout-5 = {http://www.amazon.com/exec/obidos/redirect?tag=citeulike07-20&path=ASIN/0750627689},
  citeulike-linkout-6 = {http://www.worldcat.org/isbn/0750627689},
  citeulike-linkout-7 = {http://books.google.com/books?vid=ISBN0750627689},
  citeulike-linkout-8 = {http://www.amazon.com/gp/search?keywords=0750627689&index=books&linkCode=qs},
  citeulike-linkout-9 = {http://www.librarything.com/isbn/0750627689},
  day = 15,
  edition = 4,
  howpublished = {Paperback},
  interhash = {edf12a2882d1e8079a2763ff54bcd139},
  intrahash = {bac43a510f0184eb68db43fe76aa9f1b},
  isbn = {0750627689},
  keywords = {book},
  month = jan,
  posted-at = {2011-05-23 16:53:59},
  priority = {2},
  publisher = {Butterworth-Heinemann},
  timestamp = {2014-01-09T15:14:33.000+0100},
  title = {The Classical Theory of Fields},
  url = {http://www.worldcat.org/isbn/0750627689},
  year = 1980
}


